@inproceedings{Wakunda97EvA,
  author =	 {J{\"u}rgen Wakunda and Andreas Zell},
  title =	 {{EvA} - A Tool for Optimization with Evolutionary Algorithms},
  booktitle =	 {Proceedings of the 23rd EUROMICRO Conference},
  year =	 {1997},
  address =	 {Budapest, Hungary},
}

@inproceedings{ streichertClustering03,
  author = "Felix Streichert and Gunnar Stein and Holger Ulmer and Andreas Zell",
  title = "A Clustering Based Niching Method for Evolutionary Algorithms",
  booktitle = "Evolution Artificielle, Proceedings of the 6th International Conference (EA 2003)",
  pages = 293--304,
  publisher = "Springer",
  year = {2003},  
  address = "Marseille, France",
}

@TechReport{JOptDocumentation,
  author = "Felix Streichert and Holger Ulmer",
  title = "{JavaEvA} - A Java based framework for Evolutionary Algorithms",
  year = 2005,
  institution="Universit{\"a}tsbibliothek T{\"u}bingen, Germany",
  number = "WSI-2005-06",
}

@misc{JE2HomePage,
  author = "Felix Streichert and Holger Ulmer",
  title = "{JavaEvA Project Homepage}",
  howpublished = "\url{http://www.ra.cs.uni-tuebingen.de/software/JavaEvA}",
  note = "Accessed in March 2008",
}

@InProceedings{ester96density,
  author = "Martin Ester and Hans-Peter Kriegel and J{\"o}rg Sander and Xu Xiaowei",
  title = "A density-based algorithm for discovering clusters in large spatial databases with noise",
  booktitle = "2nd International Conference on Knowledge Discovery and Data Mining",
  pages = 226--231,
  year = 1996,
  editors = "Evangelos Simoudis and Jiawei Han and Usama Fayyad",
  publisher = "AAAI Press",
}

@PhDThesis{Streichert07,
  author = "Felix Streichert",
  title = "Evolutionary Algorithms in Multi-Modal and Multi-Objective Environments",
  school = "University of T{\"u}bingen, Germany",
  year = "2007",
}

@book{Baeck99EC1,
 editor = {Thomas B{\"a}ck and David B. Fogel and Zbigniew Michalewicz},
 title = {Evolutionary Computation 1: Basic Algorithms and Operators},
 year = {1999},
 publisher = {IOP Publishing Ltd.},
 address = {Bristol, UK, UK},
 }

@BOOK{Clerc05PSO,
  title = {Particle Swarm Optimization},
  publisher = {ISTE Ltd},
  year = {2005},
  author = {Maurice Clerc},
  pages = {139--149},
  chapter = {TRIBES or Cooperation of Tribes},
  owner = {mkron},
  timestamp = {2008.01.24}
}

@book{Engelbrecht07CI,
  author = {Andries Engelbrecht},
  title = {Computational Intelligence: An Introduction, 2nd Edition},
  year = {2007},
  isbn = {0470035617},
  publisher = {Halsted Press/Wiley},
  address = {New York, NY, USA},
}
